<record><leader>00000cas a2200000 a 4500</leader><controlfield tag="001">12621681</controlfield><controlfield tag="008">851001d18911907ksuwr ne      0   a0eng d</controlfield><datafield ind1=" " ind2=" " tag="010"><subfield code="a">sn 85030821 </subfield></datafield><datafield ind1=" " ind2=" " tag="040"><subfield code="a">KSH</subfield><subfield code="b">eng</subfield><subfield code="c">KSH</subfield><subfield code="d">NPT</subfield><subfield code="d">OCL</subfield><subfield code="d">OCLCQ</subfield><subfield code="d">DLC</subfield><subfield code="d">OCLCF</subfield></datafield><datafield ind1="0" ind2=" " tag="022"><subfield code="a">2329-4086</subfield><subfield code="2">1</subfield></datafield><datafield ind1="1" ind2=" " tag="029"><subfield code="a">AU@</subfield><subfield code="b">000022173048</subfield></datafield><datafield ind1=" " ind2=" " tag="042"><subfield code="a">msc</subfield><subfield code="a">nsdp</subfield></datafield><datafield ind1=" " ind2=" " tag="043"><subfield code="a">n-us-ks</subfield></datafield><datafield ind1="0" ind2="0" tag="050"><subfield code="a">Newspaper</subfield></datafield><datafield ind1="0" ind2="0" tag="082"><subfield code="a">071</subfield><subfield code="2">23</subfield></datafield><datafield ind1="0" ind2=" " tag="130"><subfield code="a">Goodland republic (Goodland, Kan. : 1891)</subfield></datafield><datafield ind1=" " ind2="4" tag="222"><subfield code="a">The Goodland republic</subfield><subfield code="b">(Goodland, Kan. 1891. Print)</subfield></datafield><datafield ind1="1" ind2="4" tag="245"><subfield code="a">The Goodland republic.</subfield></datafield><datafield ind1="1" ind2="3" tag="246"><subfield code="a">Goodland republic and Sherman County farmer</subfield><subfield code="f">May 6-Dec. 30, 1892</subfield></datafield><datafield ind1=" " ind2=" " tag="260"><subfield code="a">Goodland, Kan. :</subfield><subfield code="b">Stewart Co.,</subfield><subfield code="c">1891-1907.</subfield></datafield><datafield ind1=" " ind2=" " tag="300"><subfield code="a">16 v. :</subfield><subfield code="b">ill. ;</subfield><subfield code="c">53-59 cm.</subfield></datafield><datafield ind1=" " ind2=" " tag="310"><subfield code="a">Weekly</subfield></datafield><datafield ind1="0" ind2=" " tag="362"><subfield code="a">Vol. 6, no. 8 (Oct. 16, 1891)-15th year, no. 52 (Aug. 17, 1900) ; no. 1 (Aug. 24, 1900)-no. 39 (May 31, 1907).</subfield></datafield><datafield ind1=" " ind2=" " tag="500"><subfield code="a">"People's Party."</subfield></datafield><datafield ind1=" " ind2=" " tag="530"><subfield code="a">Archived issues are available in digital format as part of the Library of Congress Chronicling America online collection.</subfield></datafield><datafield ind1=" " ind2="0" tag="651"><subfield code="a">Goodland (Kan.)</subfield><subfield code="v">Newspapers.</subfield></datafield><datafield ind1=" " ind2="7" tag="655"><subfield code="a">Newspapers.</subfield><subfield code="2">fast</subfield><subfield code="0">(OCoLC)fst01423814</subfield></datafield><datafield ind1=" " ind2="7" tag="651"><subfield code="a">Kansas</subfield><subfield code="z">Goodland.</subfield><subfield code="2">fast</subfield><subfield code="0">(OCoLC)fst01217340</subfield></datafield><datafield ind1=" " ind2=" " tag="752"><subfield code="a">United States</subfield><subfield code="b">Kansas</subfield><subfield code="c">Sherman</subfield><subfield code="d">Goodland.</subfield></datafield><datafield ind1="0" ind2="8" tag="776"><subfield code="i">Online version:</subfield><subfield code="t">Goodland republic (Goodland, Kan. : 1891 : Online)</subfield><subfield code="x">2329-4094</subfield><subfield code="w">(DLC)  2013218795</subfield><subfield code="w">(OCoLC)846835236</subfield></datafield><datafield ind1="0" ind2="0" tag="780"><subfield code="t">Goodland republican</subfield><subfield code="w">(DLC)sn 85030819</subfield><subfield code="w">(OCoLC)12621711</subfield></datafield><datafield ind1="0" ind2="5" tag="780"><subfield code="t">Sherman County farmer</subfield><subfield code="g">May 6, 1892</subfield><subfield code="w">(DLC)sn 85030834</subfield><subfield code="w">(OCoLC)12621702</subfield></datafield><datafield ind1="0" ind2="7" tag="785"><subfield code="t">Goodland news (Goodland, Kan. : 1899)</subfield><subfield code="w">(DLC)sn 85030830</subfield><subfield code="w">(OCoLC)12621719</subfield></datafield><datafield ind1="0" ind2="7" tag="785"><subfield code="t">Goodland news and the Goodland republic</subfield><subfield code="w">(DLC)sn 85030824</subfield><subfield code="w">(OCoLC)12621614</subfield></datafield><datafield ind1="4" ind2="1" tag="856"><subfield code="u">http://chroniclingamerica.loc.gov/lccn/sn85030821/issues</subfield></datafield></record>